@online{ja,
    author    = "Taber",
    title     = "Yeyes",
    url       = "https://www.google.com/search?q=miktex+bibliography+main&oq=miktex+bibliography+main&aqs=chrome..69i57.7352j0j7&sourceid=chrome&ie=UTF-8",
    urldate   = {07-01-2019},
    keywords  = "ja" 
}
